<collection xmlns="http://www.loc.gov/MARC21/slim"><record><leader>00759nam  2200241   450</leader><controlfield tag="001">175</controlfield><controlfield tag="003">http://montalegre.opacnet.com/OPAC/default.aspx?ContentAreaControl=ShowRegHoldings.ascx&amp;RegNo=16662</controlfield><controlfield tag="005">20</controlfield><datafield tag="095" ind1=" " ind2=" "><subfield code="a">PTBN00382264</subfield></datafield><datafield tag="100" ind1=" " ind2=" "><subfield code="a">19920720d1975    km y0pory010305  ba</subfield></datafield><datafield tag="101" ind1="1" ind2=" "><subfield code="a">por</subfield><subfield code="c">fre</subfield></datafield><datafield tag="102" ind1=" " ind2=" "><subfield code="a">PT</subfield></datafield><datafield tag="200" ind1="1" ind2=" "><subfield code="a">&lt;A &gt;toupeira</subfield><subfield code="f">John Le Carré</subfield></datafield><datafield tag="210" ind1=" " ind2=" "><subfield code="a">Amadora</subfield><subfield code="c">Bertrand</subfield><subfield code="d">1975</subfield></datafield><datafield tag="215" ind1=" " ind2=" "><subfield code="a">381 p.</subfield><subfield code="d">20 cm</subfield></datafield><datafield tag="608" ind1=" " ind2=" "><subfield code="a">Policial</subfield><subfield code="2">Autoridade</subfield><subfield code="3">PT9999-00-10-2009040123590005518</subfield></datafield><datafield tag="675" ind1=" " ind2=" "><subfield code="a">821</subfield></datafield><datafield tag="675" ind1=" " ind2=" "><subfield code="a">82-312.4</subfield></datafield><datafield tag="700" ind1=" " ind2="1"><subfield code="a">Le Carré</subfield><subfield code="b">John</subfield><subfield code="c">pseud.</subfield></datafield><datafield tag="801" ind1=" " ind2="0"><subfield code="a">PT</subfield><subfield code="b">Biblioteca Municipal de Montalegre</subfield><subfield code="g">RPC</subfield></datafield><datafield tag="856" ind1=" " ind2=" "><subfield code="u">locateMedia.asp?cod=20060509172735&amp;ext=jpg</subfield><subfield code="z">CAPA</subfield></datafield><datafield tag="909" ind1="&#9;" ind2=" "><subfield code="a">3</subfield></datafield><datafield tag="966" ind1=" " ind2=" "><subfield code="a">0008216</subfield><subfield code="l">BMM</subfield><subfield code="s">SCG 821 CAR tou</subfield></datafield><datafield tag="966" ind1=" " ind2=" "><subfield code="a">0008217</subfield><subfield code="l">BMM</subfield><subfield code="s">SCG 82-312.4 LeC tou</subfield></datafield><datafield tag="966" ind1=" " ind2=" "><subfield code="a">0018739</subfield><subfield code="l">BMM</subfield><subfield code="s">SCG 821 LeC tou</subfield></datafield></record></collection>